@book{goldbarg2012,
    author    = {Marco Goldbarg and Elizabeth Goldbarg},
    title     = {Grafos: Conceitos, algoritmos e aplicações},
    publisher = {Elsevier},
    year      = {2012},
    address   = {Rio de Janeiro},
    isbn      = {978-85-352-5716-8}
}

@article{karakostas2004vertexcover,
  author    = {George Karakostas},
  title     = {A better approximation ratio for the Vertex Cover problem},
  journal   = {Dept. of Computing and Software, McMaster University},
  year      = {2004},
  month     = {October},
  day       = {5},
}

@article{dinur2005vertexcover,
  author    = {Irit Dinur and Samuel Safra},
  title     = {On the hardness of approximating minimum vertex cover},
  journal   = {Annals of Mathematics},
  volume    = {162},
  year      = {2005},
  pages     = {439--485},
}

@inproceedings{veloso2021localizacao,
  author    = {Luiz Augusto Silva Veloso and Letícia Alves da Silva and Fábio Pires Mourão},
  title     = {APLICAÇÃO DO PROBLEMA DE LOCALIZAÇÃO DE FACILIDADES À ALOCAÇÃO DE MEIOS DE SEGURANÇA},
  keywords  = {Localização de Facilidades, Segurança, CPLEX},
  booktitle = {IX Seminário de Iniciação Científica do IFMG},
  year      = {2021},
  month     = {July},
  day       = {7--9},
  organization = {Instituto Federal de Minas Gerais (IFMG)},
}

@book{Holland1975,
    author = {Holland, John H.},
    title = {Adaptation in Natural and Artificial Systems},
    publisher = {University of Michigan Press},
    year = {1975},
    address = {Ann Arbor, MI},
    note = {Pioneering work on genetic algorithms and their theoretical foundations}
}

@book{Linden2006,
    author = {Linden, Ricardo},
    title = {Livro algoritmos geneticos},
    year = {2006},
    note = {Introdução aos algoritmos genéticos com foco em implementação em Java},
    url = {http://www.pobox.com/~rlinden}
}

@book{kleinberg2006algorithm,
  title={Algorithm Design},
  author={Kleinberg, Jon and Tardos, \'Eva},
  year={2006},
  publisher={Pearson Education, Inc.},
  isbn={0-321-29535-8}
}

@misc{Colombo2018,
  author    = {Victor de Oliveira Colombo},
  title     = {Material didático sobre algoritmos gulosos},
  school    = {Universidade de São Paulo},
  type      = {Trabalho de Conclusão de Curso},
  year      = {2018},
}