@book{goldbarg2012,
    author    = {Marco Goldbarg and Elizabeth Goldbarg},
    title     = {Grafos: Conceitos, algoritmos e aplicações},
    publisher = {Elsevier},
    year      = {2012},
    address   = {Rio de Janeiro},
    isbn      = {978-85-352-5716-8}
}

@inproceedings{veloso2021localizacao,
  author    = {Luiz Augusto Silva Veloso and Letícia Alves da Silva and Fábio Pires Mourão},
  title     = {APLICAÇÃO DO PROBLEMA DE LOCALIZAÇÃO DE FACILIDADES À ALOCAÇÃO DE MEIOS DE SEGURANÇA},
  keywords  = {Localização de Facilidades, Segurança, CPLEX},
  booktitle = {IX Seminário de Iniciação Científica do IFMG},
  year      = {2021},
  month     = {July},
  day       = {7--9},
  organization = {Instituto Federal de Minas Gerais (IFMG)},
}

@book{Holland1975,
    author = {Holland, John H.},
    title = {Adaptation in Natural and Artificial Systems},
    publisher = {University of Michigan Press},
    year = {1975},
    address = {Ann Arbor, MI},
    note = {Pioneering work on genetic algorithms and their theoretical foundations}
}

@book{Linden2006,
    author = {Linden, Ricardo},
    title = {Livro algoritmos geneticos},
    year = {2006},
    note = {Introdução aos algoritmos genéticos com foco em implementação em Java},
}

@book{kleinberg2006algorithm,
  title={Algorithm Design},
  author={Kleinberg, Jon and Tardos, \'Eva},
  year={2006},
  publisher={Pearson Education, Inc.},
  isbn={0-321-29535-8}
}

@misc{Colombo2018,
  author    = {Victor de Oliveira Colombo},
  title     = {Material didático sobre algoritmos gulosos},
  school    = {Universidade de São Paulo},
  type      = {Trabalho de Conclusão de Curso},
  year      = {2018},
}

@article{Chuan2019,
    author = {Chuan, Z. and Li, Y. and Tian, P. and Zhang, X.},
    title = {Capacitated facility location problem with drone delivery},
    journal = {Transportation Research Part E: Logistics and Transportation Review},
    year = {2019},
    volume = {127},
    pages = {129-150},
    publisher = {Elsevier}
}

@article{AhmadiJavid2017,
    author = {Ahmadi-Javid, A. and Seyedi, P. and Syam, S. S.},
    title = {A survey of healthcare facility location},
    journal = {Computers and Operations Research},
    year = {2017},
    volume = {79},
    pages = {223-263},
    publisher = {Elsevier}
}

@article{Silva2019,
    author = {Silva, F. and Maestria, M.},
    title = {Optimal Location of Electric Vehicle Charging Stations: A Review},
    journal = {Transportation Research Part D: Transport and Environment},
    volume = {71},
    pages = {143--158},
    year = {2019}
}

@article{Pizzolato2012,
    author = {Pizzolato, Nelio Domingues and Raupp, Fernanda MP and Alzamora, Guina Sotomayor},
    title = {Revisão de desafios aplicados em localização com base em modelos da p-mediana e suas variantes},
    journal = {Pesquisa Operacional para o Desenvolvimento},
    year = {2012},
    volume = {4},
    number = {1},
    pages = {13-42}
}
